@inproceedings{Mikolov2013,
author = {Mikolov, Tomas and Chen, Kai and Corrado, Greg and Dean, Jeffrey},
booktitle = {Advances in Neural Information Processing Systems (NIPS)},
pages = {3111--3119},
title = {{Distributed Representations of Words and Phrases and their Compositionality}},
year = {2013}
}
@book{Bishop2006,
author = {Bishop, Christopher M.},
doi = {10.1117/1.2819119},
isbn = {978-0-387-31073-2},
pages = {738},
publisher = {Springer-Verlag New York},
title = {{Pattern Recognition And Machine Learning}},
year = {2006}
}
@article{Fawcett2006,
author = {Fawcett, Tom},
journal = {Pattern Recognition Letters},
pages = {861--874},
title = {{An Introduction to ROC Analysis}},
volume = {27},
year = {2006}
}
