@inproceedings{Mikolov2013,
author = {Mikolov, Tomas and Chen, Kai and Corrado, Greg and Dean, Jeffrey},
booktitle = {Advances in Neural Information Processing Systems (NIPS)},
pages = {3111--3119},
title = {{Distributed Representations of Words and Phrases and their Compositionality}},
year = {2013}
}

@book{Bishop2006,
author = {Bishop, Christopher M.},
doi = {10.1117/1.2819119},
isbn = {978-0-387-31073-2},
pages = {738},
publisher = {Springer-Verlag New York},
title = {{Pattern Recognition And Machine Learning}},
year = {2006}
}

@article{Fawcett2006,
author = {Fawcett, Tom},
journal = {Pattern Recognition Letters},
pages = {861--874},
title = {{An Introduction to ROC Analysis}},
volume = {27},
year = {2006}
}
@book{sutton2018reinforcement,
  title={Reinforcement learning: An introduction},
  author={Sutton, Richard S and Barto, Andrew G},
  year={2018},
  publisher={MIT press}
}
@inproceedings{soh2007modelling,
  title={Modelling and optimisation of a traffic intersection based on queue theory and {M}arkov decision control methods},
  author={Soh, Azura Che and Marhaban, Mohammad Hamiruce and Khalid, Marzuki and Yusof, Rubiyah},
  booktitle={First Asia International Conference on Modelling \& Simulation (AMS'07)},
  pages={478--483},
  year={2007},
  organization={IEEE}
}
@article{feng2018steady,
  title={Steady-state diffusion approximations for discrete-time queue in hospital inpatient flow management},
  author={Feng, Jiekun and Shi, Pengyi},
  journal={Naval Research Logistics (NRL)},
  volume={65},
  number={1},
  pages={26-65},
  year={2018},
  publisher={Wiley Online Library}
}

@article{Hagen2013,
  title={Priority queuing models for hospital intensive care units and impacts to severe case patients},
  author={Hagen, Matthew S. and Jopling, Jeffrey K. and Buchman, Timothy G. and Lee, Eva K.},
  journal={AMIA Annual Symposium proceedings Archive},
  volume={2013},
  pages={841-850},
  year={2013},
  publisher={American Medical Informatics Association}
}

@article{Oche2013,
  title={Determinants of patient waiting time in the general outpatient department of a tertiary health institution in north Western Nigeria},
  author={Oche, Mo Adamu, H},
  journal={Annals of medical and health sciences research},
  volume={3},
  number={4},
  pages={588-592},
  year={2013},
  publisher={Medknow Publications & Media Pvt Ltd}
}

@online{Kirill2017,
  author={TÅ¡ernov, Kirill},
  title={5 Reasons Why Hospital Queues Are So Long},
  year={26 April 2017},
  url={https://www.qminder.com/why-hospital-queues-long/},
  urldate={2020-04-08}
}

@article{Ray2015,
  title={Opportunity Costs of Ambulatory Medical Care in the {U}nited {S}tates},
  author={Ray, Kristin N. and  Chari, Amalavoyal V. and Engberg, John and Bertolet, Marnie and Mehrotra, Ateev},
  journal={The American Journal of Managed Care},
  volume={21},
  number={8},
  pages={567-574},
  year={2015}
}